@MISC{Engineering,
  title        = "Water - specific heat vs. Temperature",
  booktitle    = "Engineeringtoolbox.com",
  author       = "{Engineering ToolBox}",
  howpublished = "\url{https://www.engineeringtoolbox.com/specific-heat-capacity-water-d_660.html}",
  note         = "Accessed: 2023-3-25",
  language     = "en"
}
